<?xml version="1.0" encoding="UTF-8"?><collection xmlns="http://www.loc.gov/MARC21/slim"><record><leader>00616nam--2200193-i-4500</leader><controlfield tag="001">000042898</controlfield><controlfield tag="002">20161230</controlfield><controlfield tag="005">20161230201043</controlfield><controlfield tag="008">060222s1000------------r-----000-0-rum-d</controlfield><datafield ind1=" " ind2=" " tag="040"><subfield code="a">IFIN-HH</subfield></datafield><datafield ind1=" " ind2=" " tag="041"><subfield code="a">rum</subfield></datafield><datafield ind1=" " ind2=" " tag="080"><subfield code="a">539.12.162.8:539.126</subfield></datafield><datafield ind1="1" ind2=" " tag="100"><subfield code="a">Stern, Iosif Ivan</subfield></datafield><datafield ind1="1" ind2="0" tag="245"><subfield code="a">Studiul generarii multiple de mezoni la energii foarte mari. contributii la studiul destributiilor de multiplicitate</subfield><subfield code="b">Teza</subfield><subfield code="c">Iosif ivan stern</subfield></datafield><datafield ind1=" " ind2=" " tag="260"><subfield code="a">Bucuresti</subfield><subfield code="b">Ifin</subfield><subfield code="c">1980</subfield></datafield><datafield ind1=" " ind2=" " tag="300"><subfield code="a">170P</subfield></datafield><datafield ind1=" " ind2=" " tag="502"><subfield code="a">Conducator Stiintific: Prof.Dr.Doc. Marius Petrascu</subfield></datafield><datafield ind1=" " ind2=" " tag="852"><subfield code="a">48747</subfield><subfield code="c">539.12</subfield></datafield><datafield ind1=" " ind2=" " tag="CAT"><subfield code="a">Sys</subfield><subfield code="c">20111207</subfield><subfield code="h">150238</subfield></datafield></record></collection>